@article{Asawa:2008:TDT,
    title = "Thermal design tool for outdoor spaces based on heat balance
simulation using a 3D-CAD system",
    author = "Takashi Asawa, Akira Hoyanob, Kazuaki Nakaohkubo",
    journal = "Building and Environment",
    volume = "43",
    number = "1",
    month = Dec, 
    year = "2007",
    pages = "2112--2123",
  }

@article{Tong:2002:SVM:944790.944793,
 author = {Tong, Simon and Koller, Daphne},
 title = {Support Vector Machine Active Learning with Applications to Text Classification},
 journal = {J. Mach. Learn. Res.},
 issue_date = {3/1/2002},
 volume = {2},
 month = mar,
 year = {2002},
 issn = {1532-4435},
 pages = {45--66},
 numpages = {22},
 url = {http://dx.doi.org/10.1162/153244302760185243},
 doi = {10.1162/153244302760185243},
 acmid = {944793},
 publisher = {JMLR.org},
 keywords = {active learning, classification, relevance feedback, selective sampling, support vector machines},
} 

@article{WHITLEY:2001:VPW:2826730.2826856,
 author = {WHITLEY, K.N. and BLACKWELL, ALAN F.},
 title = {Visual Programming in the Wild},
 journal = {J. Vis. Lang. Comput.},
 issue_date = {August 2001},
 volume = {12},
 number = {4},
 month = aug,
 year = {2001},
 issn = {1045-926X},
 pages = {435--472},
 numpages = {38},
 url = {http://dx.doi.org/10.1006/jvlc.2000.0198},
 doi = {10.1006/jvlc.2000.0198},
 acmid = {2826856},
 publisher = {Academic Press, Inc.},
 address = {Orlando, FL, USA},
 keywords = {empirical evaluation, cognitive dimensions, LabVIEW.},
}
